
  <record format="MARC21" type="Bibliographic">
    <leader>01307cam  2200349 a 450 </leader>
    <controlfield tag="001">360945</controlfield>
    <datafield ind2=" " ind1=" " tag="035">
      <subfield code="a">360945</subfield>
    </datafield>
    <controlfield tag="005">20090228041800.0</controlfield>
    <controlfield tag="008">840227s1983    cc af         000 1 eng  </controlfield>
    <datafield ind2=" " ind1=" " tag="010">
      <subfield code="a">   84124756 </subfield>
    </datafield>
    <datafield ind2=" " ind1=" " tag="035">
      <subfield code="a">ocm10795910</subfield>
    </datafield>
    <datafield ind2=" " ind1=" " tag="040">
      <subfield code="a">DLC</subfield>
      <subfield code="c">DLC</subfield>
    </datafield>
    <datafield ind2=" " ind1="1" tag="041">
      <subfield code="a">eng</subfield>
      <subfield code="h">chi</subfield>
    </datafield>
    <datafield ind2=" " ind1=" " tag="049">
      <subfield code="a">JHEE</subfield>
    </datafield>
    <datafield ind2="0" ind1="0" tag="050">
      <subfield code="a">PL2658.E8</subfield>
      <subfield code="b">L8 1983</subfield>
    </datafield>
    <datafield ind2="0" ind1="0" tag="082">
      <subfield code="a">895.1/35/08</subfield>
      <subfield code="2">19</subfield>
    </datafield>
    <datafield ind2=" " ind1="1" tag="100">
      <subfield code="a">Lu, Xun,</subfield>
      <subfield code="d">1881-1936.</subfield>
    </datafield>
    <datafield ind2="0" ind1="1" tag="245">
      <subfield code="a">Masterpieces of modern Chinese fiction, 1919-1949 /</subfield>
      <subfield code="c">by Lu Xun and others.</subfield>
    </datafield>
    <datafield ind2=" " ind1=" " tag="250">
      <subfield code="a">1st ed.</subfield>
    </datafield>
    <datafield ind2=" " ind1=" " tag="260">
      <subfield code="a">Beijing, China :</subfield>
      <subfield code="b">Foreign Languages Press :</subfield>
      <subfield code="b">Distributed by China Publications Centre (Guoji Shudian),</subfield>
      <subfield code="c">1983.</subfield>
    </datafield>
    <datafield ind2=" " ind1=" " tag="300">
      <subfield code="a">563 p., [17] leaves of plates :</subfield>
      <subfield code="b">ill. ;</subfield>
      <subfield code="c">21 cm.</subfield>
    </datafield>
    <datafield ind2=" " ind1="1" tag="490">
      <subfield code="a">Modern Chinese literature</subfield>
    </datafield>
    <datafield ind2=" " ind1=" " tag="500">
      <subfield code="a">Colophon title in Chinese: Zhongguo xian dai duan pian jie zuo xuan.</subfield>
    </datafield>
    <datafield ind2="0" ind1=" " tag="650">
      <subfield code="a">Short stories, Chinese</subfield>
      <subfield code="v">Translations into English.</subfield>
    </datafield>
    <datafield ind2="0" ind1=" " tag="650">
      <subfield code="a">Chinese fiction</subfield>
      <subfield code="y">20th century</subfield>
      <subfield code="v">Translations into English.</subfield>
    </datafield>
    <datafield ind2="0" ind1=" " tag="651">
      <subfield code="a">China</subfield>
      <subfield code="x">Social life and customs</subfield>
      <subfield code="v">Fiction.</subfield>
    </datafield>
    <datafield ind2=" " ind1="0" tag="740">
      <subfield code="a">Zhongguo xian dai duan pian jie zuo xuan.</subfield>
    </datafield>
    <datafield ind2="0" ind1=" " tag="830">
      <subfield code="a">Modern Chinese literature (Beijing, China)</subfield>
    </datafield>
    <datafield ind2=" " ind1=" " tag="987">
      <subfield code="a">PINYIN</subfield>
      <subfield code="b">DLC</subfield>
      <subfield code="c">20020411</subfield>
      <subfield code="d">c</subfield>
    </datafield>
    <datafield ind2=" " ind1=" " tag="994">
      <subfield code="a">X0</subfield>
      <subfield code="b">JHE</subfield>
    </datafield>
    <datafield ind2=" " ind1=" " tag="910">
      <subfield code="a">360945</subfield>
      <subfield code="b">Horizon bib#</subfield>
    </datafield>
    <datafield ind2=" " ind1=" " tag="991">
      <subfield code="a">PX2658.E8 L8 1983</subfield>
      <subfield code="c">c. 1</subfield>
      <subfield code="i">1080425</subfield>
      <subfield code="l">emain</subfield>
      <subfield code="m">emsel</subfield>
      <subfield code="q">0</subfield>
      <subfield code="s">i</subfield>
      <subfield code="t">enorm</subfield>
    </datafield>
  </record>