
  <record format="MARC21" type="Bibliographic">
    <leader>01207nam  2200301 a 450 </leader>
    <controlfield tag="001">360946</controlfield>
    <datafield ind2=" " ind1=" " tag="020">
      <subfield code="a">2070373851</subfield>
    </datafield>
    <datafield ind2=" " ind1=" " tag="035">
      <subfield code="a">360946</subfield>
    </datafield>
    <controlfield tag="005">20090228041800.0</controlfield>
    <controlfield tag="008">861117s1982    fr b     b    000 0 fre d</controlfield>
    <datafield ind2=" " ind1=" " tag="035">
      <subfield code="a">AAA0668EI</subfield>
    </datafield>
    <datafield ind2=" " ind1=" " tag="035">
      <subfield code="a">(CStRLIN)MDJGAAA0668-B</subfield>
    </datafield>
    <datafield ind2=" " ind1=" " tag="040">
      <subfield code="a">NjP</subfield>
      <subfield code="c">Njp</subfield>
    </datafield>
    <datafield ind2="0" ind1="0" tag="049">
      <subfield code="a">JHE</subfield>
    </datafield>
    <datafield ind2=" " ind1="1" tag="100">
      <subfield code="a">Bougainville, Louis-Antoine de,</subfield>
      <subfield code="c">comte,</subfield>
      <subfield code="d">1729-1811.</subfield>
    </datafield>
    <datafield ind2="0" ind1="1" tag="245">
      <subfield code="a">Voyage autour du monde :</subfield>
      <subfield code="b">par la fregate du Roi La Boudeuse et la flute L'Etoile /</subfield>
      <subfield code="c">Louis-Antoine de Bougainville ; edition presentee, etablie et annotee par Jacques Proust.</subfield>
    </datafield>
    <datafield ind2=" " ind1=" " tag="260">
      <subfield code="a">[Paris] :</subfield>
      <subfield code="b">Gallimard,</subfield>
      <subfield code="c">c1982.</subfield>
    </datafield>
    <datafield ind2=" " ind1=" " tag="300">
      <subfield code="a">477 p. :</subfield>
      <subfield code="b">map ;</subfield>
      <subfield code="c">19 cm.</subfield>
    </datafield>
    <datafield ind2=" " ind1="1" tag="490">
      <subfield code="a">Collection Folio</subfield>
    </datafield>
    <datafield ind2=" " ind1=" " tag="504">
      <subfield code="a">Bibliography: p. [467]-470.</subfield>
    </datafield>
    <datafield ind2="0" ind1="2" tag="610">
      <subfield code="a">Boudeuse (Frigate)</subfield>
    </datafield>
    <datafield ind2="0" ind1="2" tag="610">
      <subfield code="a">Etoile (Ship)</subfield>
    </datafield>
    <datafield ind2="0" ind1=" " tag="650">
      <subfield code="a">Voyages around the world.</subfield>
    </datafield>
    <datafield ind2=" " ind1="1" tag="700">
      <subfield code="a">Proust, Jacques.</subfield>
    </datafield>
    <datafield ind2="0" ind1=" " tag="830">
      <subfield code="a">Collection Folio.</subfield>
    </datafield>
    <datafield ind2=" " ind1="1" tag="999">
      <subfield code="l">offs</subfield>
      <subfield code="n">elc</subfield>
      <subfield code="s">1</subfield>
      <subfield code="w">i</subfield>
      <subfield code="a">G420</subfield>
      <subfield code="b">.B82 1982</subfield>
      <subfield code="m">c. 1</subfield>
      <subfield code="6">1</subfield>
      <subfield code="4">OFF</subfield>
      <subfield code="t">norm</subfield>
      <subfield code="c">4</subfield>
      <subfield code="1">11/04/1986</subfield>
      <subfield code="2">10/13/1997</subfield>
      <subfield code="7">10/13/1997</subfield>
      <subfield code="i">31151012517300</subfield>
      <subfield code="j">31151004844175</subfield>
      <subfield code="5">R15M03S02T09 21151005050501</subfield>
      <subfield code="z">NCC:L</subfield>
      <subfield code="r">R15M03S02T09</subfield>
      <subfield code="x">emp</subfield>
      <subfield code="h">enorm</subfield>
      <subfield code="g">eoffs</subfield>
    </datafield>
    <datafield ind2=" " ind1=" " tag="910">
      <subfield code="a">360946</subfield>
      <subfield code="b">Horizon bib#</subfield>
    </datafield>
    <datafield ind2=" " ind1=" " tag="991">
      <subfield code="a">G420 .B82 1982</subfield>
      <subfield code="c">c. 1</subfield>
      <subfield code="i">1080426</subfield>
      <subfield code="l">eoffs</subfield>
      <subfield code="m">elsc</subfield>
      <subfield code="q">0</subfield>
      <subfield code="s">i</subfield>
      <subfield code="t">enorm</subfield>
    </datafield>
  </record>
</collection>